@article{w2v,
  title={Feature Extraction for Classification of Text Documents
  },
  author={Abdur Rehman, Haroon A. Barbi, Mehreen Saeed},
  journal={International Journal of Open Information Technologies},
  number={7},
  pages={1--20},
  year={2012},
  langid={english}
}

@article{CRF,
	title={Conditional Random Fields: Probabilistic Models for Segmenting and Labeling Sequence Data},
	author={Lafferty J., McCallum A., Pereira F. },
	journal={Proceedings of the 18th International Conference on Machine Learning.},
	number={1},
	pages={282--289},
	year={2001},
	langid={english}
}

@book{base,
  title={Модели и методы представления текстового документа в системах информационного поиска},
  author={Губин Максим Вадимович},
  year={2005},
  location={М.},
  publisher={ЛКИ},
  pagetotal={89},
  langid={russian}
}
@online{ner,
  title={NLP. Основы. Техники. Саморазвитие. Часть 2: NER},
  author={ABBYY},
  url={https://habr.com/ru/company/abbyy/blog/449514/},
  urldate={2019-12-14},
  langid={russian}
}

@online{CourtsData,
	title={Данные судебных протоколов},
	url={http://www.cdep.ru/index.php?id=79},
	urldate={2019-10-20},
	langid={russian}
}
